<record><leader>00000cas a2200000 a 4500</leader><controlfield tag="001">15346703</controlfield><controlfield tag="008">870319d19uu1976ilucr ne      0   a0eng c</controlfield><datafield ind1=" " ind2=" " tag="010"><subfield code="a">sn 93057215 </subfield></datafield><datafield ind1=" " ind2=" " tag="040"><subfield code="a">IAW</subfield><subfield code="b">eng</subfield><subfield code="c">IAW</subfield><subfield code="d">NVF</subfield><subfield code="d">CVF</subfield><subfield code="d">NVF</subfield><subfield code="d">OCLCQ</subfield><subfield code="d">OCLCF</subfield><subfield code="d">OCLCO</subfield></datafield><datafield ind1="1" ind2=" " tag="029"><subfield code="a">AU@</subfield><subfield code="b">000010970877</subfield></datafield><datafield ind1=" " ind2=" " tag="032"><subfield code="a">524200</subfield><subfield code="b">USPS</subfield></datafield><datafield ind1=" " ind2=" " tag="037"><subfield code="b">Suburban Life Citizen, P.O. Box 100, LaGrange, Ill. 60525</subfield></datafield><datafield ind1=" " ind2=" " tag="042"><subfield code="a">pcc</subfield></datafield><datafield ind1=" " ind2=" " tag="043"><subfield code="a">n-us-il</subfield></datafield><datafield ind1=" " ind2=" " tag="090"><subfield code="a">Newspaper</subfield></datafield><datafield ind1="0" ind2=" " tag="130"><subfield code="a">Suburban life (La Grange, Ill. : La Grange ed.)</subfield></datafield><datafield ind1="1" ind2="0" tag="245"><subfield code="a">Suburban life.</subfield></datafield><datafield ind1=" " ind2=" " tag="250"><subfield code="a">[La Grange ed.].</subfield></datafield><datafield ind1=" " ind2=" " tag="260"><subfield code="a">LaGrange, Ill. :</subfield><subfield code="b">Life Print. and Pub. Co.,</subfield><subfield code="c">-1976.</subfield></datafield><datafield ind1=" " ind2=" " tag="300"><subfield code="a">v. :</subfield><subfield code="b">ill. ;</subfield><subfield code="c">58 cm.</subfield></datafield><datafield ind1=" " ind2=" " tag="310"><subfield code="a">Semiweekly</subfield></datafield><datafield ind1="0" ind2=" " tag="362"><subfield code="a">-27th year, no. 32 (Mar. 20, 1976).</subfield></datafield><datafield ind1=" " ind2=" " tag="580"><subfield code="a">Merged with: Western Springs citizen (Countryside, Ill.), and: La Grange citizen (Countryside, Ill.), to form: Suburban life/citizen (La Grange, Ill. : La Grange ed.).</subfield></datafield><datafield ind1=" " ind2=" " tag="588"><subfield code="a">Description based on: Vol. 5, no. 75 (Sept. 1, 1954).</subfield></datafield><datafield ind1=" " ind2="0" tag="651"><subfield code="a">La Grange (Ill.)</subfield><subfield code="v">Newspapers.</subfield></datafield><datafield ind1=" " ind2="0" tag="651"><subfield code="a">La Grange Park (Ill.)</subfield><subfield code="v">Newspapers.</subfield></datafield><datafield ind1=" " ind2="0" tag="651"><subfield code="a">Western Springs (Ill.)</subfield><subfield code="v">Newspapers.</subfield></datafield><datafield ind1=" " ind2="0" tag="651"><subfield code="a">Countryside (Cook County, Ill.)</subfield><subfield code="v">Newspapers.</subfield></datafield><datafield ind1=" " ind2="7" tag="655"><subfield code="a">Newspapers.</subfield><subfield code="2">fast</subfield><subfield code="0">(OCoLC)fst01423814</subfield></datafield><datafield ind1=" " ind2="7" tag="651"><subfield code="a">Illinois</subfield><subfield code="z">Countryside (Cook County)</subfield><subfield code="2">fast</subfield><subfield code="0">(OCoLC)fst01314356</subfield></datafield><datafield ind1=" " ind2="7" tag="651"><subfield code="a">Illinois</subfield><subfield code="z">La Grange.</subfield><subfield code="2">fast</subfield><subfield code="0">(OCoLC)fst01206603</subfield></datafield><datafield ind1=" " ind2="7" tag="651"><subfield code="a">Illinois</subfield><subfield code="z">La Grange Park.</subfield><subfield code="2">fast</subfield><subfield code="0">(OCoLC)fst01226880</subfield></datafield><datafield ind1=" " ind2="7" tag="651"><subfield code="a">Illinois</subfield><subfield code="z">Western Springs.</subfield><subfield code="2">fast</subfield><subfield code="0">(OCoLC)fst01204790</subfield></datafield><datafield ind1=" " ind2=" " tag="752"><subfield code="a">United States</subfield><subfield code="b">Illinois</subfield><subfield code="c">Cook</subfield><subfield code="d">La Grange.</subfield></datafield><datafield ind1="1" ind2="7" tag="785"><subfield code="t">Western Springs citizen (Countryside, Ill.)</subfield><subfield code="w">(DLC)sn 94060711</subfield><subfield code="w">(OCoLC)31326601</subfield></datafield><datafield ind1="1" ind2="7" tag="785"><subfield code="t">Grange citizen (Countryside, Ill.)</subfield><subfield code="w">(DLC)sn 94060713</subfield><subfield code="w">(OCoLC)31326725</subfield></datafield><datafield ind1="1" ind2="7" tag="785"><subfield code="t">Suburban life/citizen (La Grange, Ill. : La Grange ed.)</subfield><subfield code="w">(DLC)sn 94060714</subfield><subfield code="w">(OCoLC)31326868</subfield></datafield></record>